@techreport{spdyspec,
  author="M. Belshe and R. Peon",
  title="{SPDY Protocol - Draft 1}",
  institution="Google",
  year=2009,
  month=nov,
    url="http://dev.chromium.org/spdy/spdy-protocol/spdy-protocol-draft1",
}

@techreport{spdy3,
  author="M. Belshe and R. Peon",
  title="{SPDY Protocol - Draft 3}",
  institution="Google",
    url="http://dev.chromium.org/spdy/spdy-protocol/spdy-protocol-draft3",
}

@techreport{sm,
  author="R. Trace and A. Foresti and S. Singhal and O. Mazahir and H. Nielsen and B. Raymor and R. Rao and G. Montenegro",
  title="{HTTP Speed+Mobility}",
  institution="Microsoft",
  year=2012,
  month=jun,
    url="http://tools.ietf.org/html/draft-montenegro-httpbis-speed-mobility-02",
}

@techreport{friendly,
  author="W. Tarreau and A. Jeffries and A. de Croy and P-H. Kamp",
  title="{Proposal for a Network-Friendly HTTP Upgrade}",
  institution="Open Group",
  year=2012,
  month=mar,
    url="http://tools.ietf.org/html/draft-tarreau-httpbis-network-friendly-00",
}

@misc{httpbis-charter,
  author="Internet Engineering Task Force",
  title="{Hypertext Transfer Protocol Bis (httpbis) Charter}",
  howpublished="\url{http://tools.ietf.org/wg/httpbis/charters?item=charter-httpbis-2012-03-19.txt}",
}

@misc{fbook,
  author="Facebook",
  title="{HTTP2 Expression of Interest}",
  year=2012,
  month=jul,
  howpublished="\url{http://lists.w3.org/Archives/Public/ietf-http-wg/2012JulSep/0251.html}",
}

@mastersthesis{binoy,
  author="Binoy Chemmagate",
  title="{An Experimental Study of Web Transport Protocols in Cellular Networks}",
  school="Aalto University",
  year=2011,
  month=dec,
}
